@book{robinson2014simulation,
  title={Simulation: the practice of model development and use},
  author={Robinson, Stewart},
  year={2014},
  publisher={Palgrave Macmillan}
}